%
% Modified by Sameer Vijay
% Last Change: Wed Jul 27 2005 13:00 CEST
%
%%%%%%%chapter1
@article{Bethe1939,
  title = {Energy Production in Stars},
  author = {Bethe, H. A.},
  journal = {Phys. Rev.},
  volume = {55},
  issue = {5},
  pages = {434--456},
  numpages = {0},
  year = {1939},
  month = {Mar},
  publisher = {American Physical Society},
  doi = {10.1103/PhysRev.55.434},
}


@article{B2FH,
  title = {Synthesis of the Elements in Stars},
  author = {Burbidge, E. Margaret and Burbidge, G. R. and Fowler, William A. and Hoyle, F.},
  journal = {Rev. Mod. Phys.},
  volume = {29},
  issue = {4},
  pages = {547--650},
  numpages = {0},
  year = {1957},
  month = {Oct},
  publisher = {American Physical Society},
  doi = {10.1103/RevModPhys.29.547},
  url = {https://link.aps.org/doi/10.1103/RevModPhys.29.547}
}

@article{Kappeler1989,
  author="F Kappeler and H Beer and K Wisshak",
  title="s-process nucleosynthesis-nuclear physics and the classical model",
  journal="Reports on Progress in Physics",
  volume="52",
  number="8",
  pages="945",
  year="1989",
}



@Book{Boyd,
  title = 	 "An Introduction to Nuclear Astrophysics",
  author = 	 "R. N. Boyd",
  publisher = 	 "Physics textbook. University of Chicago Press",
  year = 	 "2007",
  ISBN = "9780226069715",
}

@article{Kappeler2011,
  title = "The $s$ process: Nuclear physics, stellar models, and observations",
  author = "Kappeler, F. and Gallino, R. and Bisterzo, S. and Aoki, Wako",
  journal = "Rev. Mod. Phys.",
  volume = "83",
  issue = "1",
  pages = "157--193",
  year = "2011",
  month = "Apr",
  publisher = "American Physical Society",
  doi = "10.1103/RevModPhys.83.157",

}
@article{CLAYTON1961,
title = "Neutron capture chains in heavy element synthesis",
journal = "Annals of Physics",
volume = "12",
number = "3",
pages = "331 - 408",
year = "1961",
issn = "0003-4916",
doi = "https://doi.org/10.1016/0003-4916(61)90067-7",
url = "http://www.sciencedirect.com/science/article/pii/0003491661900677",
author = "D.D Clayton and W.A Fowler and T.E Hull and B.A Zimmerman"
}

@article{SeegerP1965,
abstract = "Journal Article.",
journal = "Astrophys. J.,Suppl. Ser.",
volume = "11",
publisher = "California Inst. of Tech., Pasadena",
year = "1965",
title = "NUCLEOSYNTHESIS OF HEAVY ELEMENTS BY NEUTRON CAPTURE",
language = "English",
author = "Seeger, P.A. and Fowler, W.A. and Clayton, D.D.",
}

@Article{Wolke1989,
author="Wolke, K.
and Harms, V.
and Becker, H. W.
and Hammer, J. W.
and Kratz, K. L.
and Rolfs, C.
and Schr{\"o}der, U.
and Trautvetter, H. P.
and Wiescher, M.
and W{\"o}hr, A.",
title="Helium burning of22Ne",
journal="Zeitschrift f{\"u}r Physik A Atomic Nuclei",
year="1989",
month="Dec",
day="01",
volume="334",
number="4",
pages="491--510",
}

@article{Jaeger2001,
   author = "Jaeger, M. and Kunz, R. and Mayer, A. and Hammer, J. W. and Staudt, G. and Kratz, K. L. and Pfeiffer, B.",
  journal = "Phys. Rev. Lett.",
  volume = "87",
  issue = "20",
  pages = "202501",
  numpages = "4",
  year = "2001",
  month = "Oct",
  publisher = "American Physical Society",

}


@article{Koehler2002,
   author = {Koehler, P. E.},
  journal = {Phys. Rev. C},
  volume = {66},
  issue = {5},
  pages = {055805},
  numpages = {9},
  year = {2002},
  month = {Nov},
  publisher = {American Physical Society},
  doi = {10.1103/PhysRevC.66.055805},
  url = {https://link.aps.org/doi/10.1103/PhysRevC.66.055805}
}

%%%%%%%chapter2
@Misc{Tamii-ana,
   author =       "A.Tamii",
   title =        "Tamii Analyzer",
   howpublished = "unpublished, RCNP, University of Osaka",
   year =         "2015",
}

%%%%%%%chapter3
@Article{Fujiwara1999484,
title = "Magnetic spectrometer Grand Raiden",
journal = "Nuclear Instruments and Methods in Physics Research Section A: Accelerators, Spectrometers, Detectors and Associated Equipment ",
volume = "422",
number = "1�C3",
pages = "484 - 488",
year = "1999",
issn = "0168-9002",
author = "M Fujiwara and H Akimune and I Daito and H Fujimura and Y Fujita and K Hatanaka and H Ikegami and I Katayama and K Nagayama and N Matsuoka and S Morinobu and T Noro and M Yoshimura and H Sakaguchi and Y Sakemi and A Tamii and M Yosoi",
}

@article{FUJITA1997274,
title = "Matching of a beam line and a spectrometer New beam line project at RCNP",
journal = "Nuclear Instruments and Methods in Physics Research Section B: Beam Interactions with Materials and Atoms",
volume = "126",
number = "1",
pages = "274 - 278",
year = "1997",
issn = "0168-583X",
author = "Y. Fujita and K. Hatanaka and G.P.A. Berg and K. Hosono and N. Matsuoka and S. Morinobu and T. Noro and M. Sato and K. Tamura and H. Ueno",
}

@article{FUJITA200155,
title = "Better-resolution measurement of vertical scattering angle in a new ion-optical mode of spectrometer ��Grand Raiden��",
journal = "Nuclear Instruments and Methods in Physics Research Section A: Accelerators, Spectrometers, Detectors and Associated Equipment",
volume = "469",
number = "1",
pages = "55 - 62",
year = "2001",
issn = "0168-9002",
author = "H Fujita and G.P.A Berg and Y Fujita and K Hatanaka and T Noro and E.J Stephenson and C.C Foster and H Sakaguchi and M Itoh and T Taki and K Tamura and H Ueno",
}

@article{FUJITA200217,
title = "Realization of matching conditions for high-resolution spectrometers",
journal = "Nuclear Instruments and Methods in Physics Research Section A: Accelerators, Spectrometers, Detectors and Associated Equipment",
volume = "484",
number = "1",
pages = "17 - 26",
year = "2002",
author = "H Fujita and Y Fujita and G.P.A Berg and A.D Bacher and C.C Foster and K Hara and K Hatanaka and T Kawabata and T Noro and H Sakaguchi and Y Shimbara and T Shinada and E.J Stephenson and H Ueno and M Yosoi",
}


%%%RCNP layout


@article{Hatanaka2013,
   author =       "K Hatanaka and M Fukuda and K Kamakura and S Morinobu and T Saito and H Tamura and H Ueda and Y Yasuda and T Yorita",
   title =        "Present Status of the RCNP Cyclotron Facility",
   journal =      "Proceedings of Cyclotrons, Vancouver, BC, Canada",
   address =      "Vancouver, BC, Canada",
   volume =       "MOPPT005",
   year =         "2013",
}



@article{Wakasa200279,
title = "High resolution beam line for the Grand Raiden spectrometer ",
journal = "Nuclear Instruments and Methods in Physics Research Section A: Accelerators, Spectrometers, Detectors and Associated Equipment ",
volume = "482",
number = "1�C2",
pages = "79 - 93",
year = "2002",
author = "T Wakasa and K Hatanaka and Y Fujita and G.P.A Berg and H Fujimura and H Fujita and M Itoh and J Kamiya and T Kawabata and K Nagayama and T Noro and H Sakaguchi and Y Shimbara and H Takeda and K Tamura and H Ueno and M Uchida and M Uraki and M Yosoi",
}

@PhdThesis{Adachi_thesis,
  author = 	 "T. Adachi",
  title = 	 "High-resolution study of Gamow-Teller transitions in $pf$-shell nuclei",
  school = 	 "Department of Physics, Osaka University",
  year = 	 "2007",
  month =	 "March"
}

@article{HATANAKA1984530,
title = "Systematic study of the (d, p) reaction with 56 MeV polarized deuterons",
journal = "Nuclear Physics A",
volume = "419",
number = "3",
pages = "530 - 546",
year = "1984",
author = "K. Hatanaka and N. Matsuoka and T. Saito and K. Hosono and M. Kondo and S. Kato and T. Higo and S. Matsuki and Y. Kadota and K. Ogino",
}



@article{ENDT19901,
title = "Energy levels of A = 21�C44 nuclei (VII)",
journal = "Nuclear Physics A",
volume = "521",
number = "",
pages = "1 - 400",
year = "1990",
note = "",
issn = "0375-9474",
author = "P.M. Endt",
}

@Misc{NNDC,
   howpublished = "Website",
   note =         "\url{http://www.nndc.bnl.gov/nudat2}",
   year =         "05/01/2018",
}


@PhdThesis{yosoi_thesis,
  author = 	 "M. Yosoi",
  title = 	 "Structures and fragmentations of the deep-hole states in $^{11}$B and $^{15}$N",
  school = 	 "Department of Physics, Faculty of Science, Kyoto University, Kyoto, Japan",
  year = 	 "2003",
}



@Misc{srim,
   author =       "Ziegler and F. James",
   title =        "The Stopping and Range of Ions in Matter",
   howpublished = "Website",
   note =         "\url{http://www.srim.org}",
   year =         "05/01/2018",
}



@Misc{mass_excess,
   author =       "",
   title =        " ATOMIC MASS ADJUSTMENT",
   howpublished = "Website",
   note =         "\url{http://www.nndc.bnl.gov/masses/mass.mas12}",
   year =         "2012",
}



@manual{DWUCK4,
   author =       "P. D. Kunz.",
   title =        "Dwuck4 instruction",
   address =         "\url{spot.colorado.edu/ ~ kunz/DWBA.html}",
   year =         "05/01/2018",
}













@article{Mao1996,
  title = "Alpha-particle spectroscopic strengths in $^{19}\mathrm{F}$ and $^{20}\mathrm{Ne}$",
  author = "Mao, Z. Q. and Fortune, H. T. and Lacaze, A. G.",
  journal = "Phys. Rev. C",
  volume = "53",
  issue = "3",
  pages = "1197--1204",
  numpages = "0",
  year = "1996",
  month = "Mar",
  publisher = "American Physical Society",
  doi = "10.1103/PhysRevC.53.1197",

}




%%%%%%%%%%%%%%%%%%%%%%%%%%%%%%



@article{SCHIFFER1963246,
title = "Proton widths in a diffuse well",
journal = "Nuclear Physics",
volume = "46",
pages = "246 - 250",
year = "1963",
issn = "0029-5582",
doi = "https://doi.org/10.1016/0029-5582(63)90586-8",
url = "http://www.sciencedirect.com/science/article/pii/0029558263905868",
author = "J.P. Schiffer"
}


@article{Fortune2003,
  title = "$L=1\ensuremath{\alpha}$ widths near 5 MeV in ${}^{19}\mathrm{F}$",
  author = "Fortune, H. T.",
  journal = "Phys. Rev. C",
  volume = "68",
  issue = "3",
  pages = "034317",
  numpages = "3",
  year = "2003",
  month = "Sep",
  publisher = "American Physical Society",
  doi = "10.1103/PhysRevC.68.034317",
  url = "https://link.aps.org/doi/10.1103/PhysRevC.68.034317"
}

@article{Vincent1970,
      author         = "Vincent, C. M. and Fortune, H. T.",
      title          = "{New Method for Distorted-Wave Analysis of Stripping to
                        Unbound States}",
      journal        = "Phys. Rev.",
      volume         = "C2",
      year           = "1970",
      pages          = "782-792",
      doi            = "10.1103/PhysRevC.2.782",
      SLACcitation   = "%%CITATION = PHRVA,C2,782;%%"
}

%%%%%%%%%%%%%%%%%%%%chapter5
%%%%%%%%%%%%%peaks comparison

%%%%%%6Li,d

@article{Ugalde2007,
   author = "Ugalde, C. and Champagne, A. E. and Daigle, S. and Iliadis, C. and Longland, R. and Newton, J. R. and Osenbaugh-Stewart, E. and Clark, J. A. and Deibel, C. and Parikh, A. and Parker, P. D. and Wrede, C.",
  journal = "Phys. Rev. C",
  volume = "76",
  issue = "2",
  pages = "025802",
  numpages = "6",
  year = "2007",
  month = "Aug",
  publisher = "American Physical Society",
  doi = "10.1103/PhysRevC.76.025802",
}

@article{GIESEN199395,
title = {The astrophysical implications of low-energy resonances in 22Ne + $\alpha$ },
journal = {Nuclear Physics A},
volume = {561},
number = {1},
pages = {95 - 111},
year = {1993},
issn = {0375-9474},
doi = {https://doi.org/10.1016/0375-9474(93)90167-V},
url = {http://www.sciencedirect.com/science/article/pii/037594749390167V},
author = {Giesen, U. and Browne, C.P. and G\"orres, J. and Graff, S.  and Iliadis,C.  and Trautvetter, H.-P.  and Wiescher,M.  and Harms,W.  and Kratz, K.L.  and Pfeiffer,B.  and Azuma,R.E.  and Buckby,M.  and King, J.D.},
keywords = {Nuclear reactions}
}


@article{Rashi2016,
  title = {Probing astrophysically important states in the $^{26}\mathrm{Mg}$ nucleus to study neutron sources for the $s$ process},
  author = {Talwar, R. and Adachi, T. and Berg, G. P. A. and Bin, L. and Bisterzo, S. and Couder, M. and deBoer, R. J. and Fang, X. and Fujita, H. and Fujita, Y. and G\"orres, J. and Hatanaka, K. and Itoh, T. and Kadoya, T. and Long, A. and Miki, K. and Patel, D. and Pignatari, M. and Shimbara, Y. and Tamii, A. and Wiescher, M. and Yamamoto, T. and Yosoi, M.},
  journal = {Phys. Rev. C},
  volume = {93},
  issue = {5},
  pages = {055803},
  numpages = {21},
  year = {2016},
  month = {May},
  publisher = {American Physical Society},
  doi = {10.1103/PhysRevC.93.055803},
  url = {https://link.aps.org/doi/10.1103/PhysRevC.93.055803}
}




%%%%%%aa
@article{26mgaa2017,
   author = "Adsley, P. and Brummer, J. W. and Li, K. C. W. and Mar\'{\i}n-L\'ambarri, D. J. and Kheswa, N. Y. and Donaldson, L. M. and Neveling, R. and Papka, P. and Pellegri, L. and Pesudo, V. and Pool, L. C. and Smit, F. D. and van Zyl, J. J.",
  journal = "Phys. Rev. C",
  volume = "96",
  issue = "5",
  pages = "055802",
  numpages = "8",
  year = "2017",
  month = "Nov",
  publisher = "American Physical Society",
  doi = "10.1103/PhysRevC.96.055802",

}


%%%%%%dd,pp
@article{26mgdd2018,
   author = "Adsley, P. and Brummer, J. W. and Faestermann, T. and Fox, S. P. and Hammache, F. and Hertenberger, R. and Meyer, A. and Neveling, R. and Seiler, D. and de S\'er\'eville, N. and Wirth, H.-F.",
  journal = "Phys. Rev. C",
  volume = "97",
  issue = "4",
  pages = "045807",
  numpages = "11",
  year = "2018",
  month = "Apr",
  publisher = "American Physical Society",
  doi = "10.1103/PhysRevC.97.045807",
}

@article{Moss1967,
issn = {0375-9474},
journal = {Nuclear Physics, Section A},
pages = {429--442},
volume = {269},
publisher = {Elsevier B.V.},
number = {2},
year = {1976},
title = {Excitation energies of levels in 23Na, 24Mg and 26Mg},
language = {eng},
author = {Moss, C.E.},
keywords = {Nuclear Reactions},
}



%%%%%%d,p ToF
@article{Cujec1964,
  title = "Studies of ${\mathrm{Mg}}^{25}$, ${\mathrm{Mg}}^{26}$, and ${\mathrm{Mg}}^{27}$ Nuclei With ($d, p$) Reactions",
  author = "\ifmmode \check{C}\else \v{C}\fi{}ujec, Bibijana",
  journal = "Phys. Rev.",
  volume = "136",
  issue = "5B",
  pages = "B1305--B1324",
  numpages = "0",
  year = "1964",
  month = "Dec",
  publisher = "American Physical Society",
  doi = "10.1103/PhysRev.136.B1305",
}


@article{Hinds1965,
issn = {0029-5582},
journal = {Nuclear Physics},
pages = {257--270},
volume = {67},
publisher = {Elsevier B.V.},
number = {2},
year = {1965},
title = {The angular distributions of the (t, p), (d, p) and (d, d��) reactions leading to 26Mg},
language = {eng},
author = {Hinds, S. and Marchant, H. and Middleton, R.},
keywords = {Nuclear Reactions},
}

@article{Hinds1961,
issn = {0370-1328},
journal = {Proc. Phys. Soc.},
volume = {78},
publisher = {Atomic Weapons Research Establishment, Aldermaston, Berks, Eng.},
number = {4},
year = {1961},
title = {THE ENERGY LEVELS OF THE MAGNESIUM ISOTOPES OF MASS 25 TO 28},
language = {English},
author = {Hinds, S. and Marchant, H. and Middleton, R.},
}



@article{Arciszewski1984,
issn = {0375-9474},
journal = {Nuclear Physics, Section A},
pages = {234--248},
volume = {430},
publisher = {Elsevier B.V.},
number = {1},
year = {1984},
language = {eng},
author = {Arciszewski, H.F.R. and Bakkum, E.A. and Van Engelen, C.P.M. and Endt, P.M. and Kamermans, R.},
keywords = {Nuclear Reactions},
}



@article{Massimi,
  title = {Resonance neutron-capture cross sections of stable magnesium isotopes and their astrophysical implications},
  author = {Massimi, C. and Koehler, P. and Bisterzo, S. and Colonna, N. and Gallino, R. and Gunsing, F. and K\"appeler, F. and Lorusso, G. and Mengoni, A. and Pignatari, M. and Vannini, G. and Abbondanno, U. and Aerts, G. and \'Alvarez, H. and \'Alvarez-Velarde, F. and Andriamonje, S. and Andrzejewski, J. and Assimakopoulos, P. and Audouin, L. and Badurek, G. and Barbagallo, M. and Baumann, P. and Be\ifmmode \check{c}\else \v{c}\fi{}v\'a\ifmmode \check{r}\else \v{r}\fi{}, F. and Belloni, F. and Bennett, M. and Berthoumieux, E. and Calviani, M. and Calvi\~no, F. and Cano-Ott, D. and Capote, R. and Carrapi\ifmmode \mbox{\c{c}}\else \c{c}\fi{}o, C. and Carrillo de Albornoz, A. and Cennini, P. and Chepel, V. and Chiaveri, E. and Cortes, G. and Couture, A. and Cox, J. and Dahlfors, M. and David, S. and Dillmann, I. and Dolfini, R. and Domingo-Pardo, C. and Dridi, W. and Duran, I. and Eleftheriadis, C. and Embid-Segura, M. and Ferrant, L. and Ferrari, A. and Ferreira-Marques, R. and Fitzpatrick, L. and Frais-Koelbl, H. and Fujii, K. and Furman, W. and Goncalves, I. and Gonz\'alez-Romero, E. and Goverdovski, A. and Gramegna, F. and Griesmayer, E. and Guerrero, C. and Haas, B. and Haight, R. and Heil, M. and Herrera-Martinez, A. and Herwig, F. and Hirschi, R. and Igashira, M. and Isaev, S. and Jericha, E. and Kadi, Y. and Karadimos, D. and Karamanis, D. and Kerveno, M. and Ketlerov, V. and Konovalov, V. and Kopecky, S. and Kossionides, E. and Krti\ifmmode \check{c}\else \v{c}\fi{}ka, M. and Lampoudis, C. and Leeb, H. and Lederer, C. and Lindote, A. and Lopes, I. and Losito, R. and Lozano, M. and Lukic, S. and Marganiec, J. and Marques, L. and Marrone, S. and Mart\'{\i}nez, T. and Mastinu, P. and Mendoza, E. and Milazzo, P. M. and Moreau, C. and Mosconi, M. and Neves, F. and Oberhummer, H. and O'Brien, S. and Oshima, M. and Pancin, J. and Papachristodoulou, C. and Papadopoulos, C. and Paradela, C. and Patronis, N. and Pavlik, A. and Pavlopoulos, P. and Perrot, L. and Pigni, M. T. and Plag, R. and Plompen, A. and Plukis, A. and Poch, A. and Praena, J. and Pretel, C. and Quesada, J. and Rauscher, T. and Reifarth, R. and Rockefeller, G. and Rosetti, M. and Rubbia, C. and Rudolf, G. and Salgado, J. and Santos, C. and Sarchiapone, L. and Sarmento, R. and Savvidis, I. and Stephan, C. and Tagliente, G. and Tain, J. L. and Tarr\'{\i}o, D. and Tassan-Got, L. and Tavora, L. and Terlizzi, R. and Vaz, P. and Ventura, A. and Villamarin, D. and Vlachoudis, V. and Vlastou, R. and Voss, F. and Walter, S. and Wendler, H. and Wiescher, M. and Wisshak, K.},
  collaboration = {n_TOF Collaboration},
  journal = {Phys. Rev. C},
  volume = {85},
  issue = {4},
  pages = {044615},
  numpages = {15},
  year = {2012},
  month = {Apr},
  publisher = {American Physical Society},
  doi = {10.1103/PhysRevC.85.044615},
  url = {https://link.aps.org/doi/10.1103/PhysRevC.85.044615}
}



@article{MASSIMI2017,
title = "Neutron spectroscopy of 26Mg states: Constraining the stellar neutron source 22Ne($\alpha$,n)25Mg",
journal = "Physics Letters B",
volume = "768",
pages = "1 - 6",
year = "2017",
issn = "0370-2693",
doi = "https://doi.org/10.1016/j.physletb.2017.02.025",
url = "http://www.sciencedirect.com/science/article/pii/S0370269317301260",
author = "Massimi, C. and  et.al"
}

%%%%%%%%other reactions

@article{Glatz1986,
issn = {0939-7922},
journal = {Zeitschrift f\"ur Physik A Atomic Nuclei},
pages = {187--204},
volume = {324},
publisher = {Springer-Verlag},
number = {2},
year = {1986},
title = {High-spin states in 26 Mg},
language = {eng},
address = {Berlin/Heidelberg},
author = {Glatz, F. and Norbert, S. and Bitterwolf, E. and Burkard, A. and Heidinger, F. and Kern, Th. and Lehmann, R. and R\"opke, H. and Siefert, J. and Schneider, C. and Wildenthal, B.},
keywords = {27.30+t ; 21.10 Hw ; 21.60 Cs},
}


@article{Gustafson1976,
issn = {0375-9474},
journal = {Nuclear Physics, Section A},
pages = {96--112},
volume = {262},
publisher = {Elsevier B.V.},
number = {1},
year = {1976},
language = {eng},
author = {Gustafson, D.E. and Del Campo, J.Gomez and Robinson, R.L. and Stelson, P.H. and Miller, P.D. and Bair, J.K.},
keywords = {Nuclear Reaction},
}



%%%%%%%%%%%%%%%

@Book{gnus98:_gerry_ganst,
  title = 	 "Gnus and You: The Art of Being New",
  author = 	 "Gerry Ganston and Gary Greenfield",
  publisher = 	 "Grapping Books, NY",
  year = 	 "1998",
  volume =	 "I",
  month =	 "August",
}


@Misc{gairley2000,
   author =       "Grog van Gairley",
   title =        "Gnu's Review",
   howpublished = "Website",
   note =         "\url{http://www.gairley.gnu}",
   year =         "2000",
}
